@online{cookie-parser,
    title = "cookie-parser - npm",
    url  = "https://www.npmjs.com/package/cookie-parser",
    addendum = "(accessed: 03.07.2023)",
}
@online{cors,
    title = "cors - npm",
    url  = "https://www.npmjs.com/package/cors",
    addendum = "(accessed: 03.07.2023)",
}
@online{dotenv,
    title = "dotenv - npm",
    url  = "https://www.npmjs.com/package/dotenv",
    addendum = "(accessed: 03.07.2023)",
}
@online{express,
    title = "express - npm",
    url  = "https://www.npmjs.com/package/express",
    addendum = "(accessed: 03.07.2023)",
}
@online{express-mongo-sanitize,
    title = "express-mongo-sanitize - npm",
    url  = "https://www.npmjs.com/package/express-mongo-sanitize",
    addendum = "(accessed: 03.07.2023)",
}
@online{jsonwebtoken,
    title = "jsonwebtoken - npm",
    url  = "https://www.npmjs.com/package/jsonwebtoken",
    addendum = "(accessed: 03.07.2023)",
}
@online{mongodb-npm,
    title = "mongodb - npm",
    url  = "https://www.npmjs.com/package/mongodb",
    addendum = "(accessed: 03.07.2023)",
}
@online{nodemon,
    title = "nodemon - npm",
    url  = "https://www.npmjs.com/package/nodemon",
    addendum = "(accessed: 03.07.2023)",
}
@online{swagger-ui-express,
    title = "swagger-ui-express - npm",
    url  = "https://www.npmjs.com/package/swagger-ui-express",
    addendum = "(accessed: 03.07.2023)",
}
@online{validator,
    title = "validator - npm",
    url  = "https://www.npmjs.com/package/validator",
    addendum = "(accessed: 03.07.2023)",
}
@online{swagger-autogen,
    title = "swagger-autogen - npm",
    url  = "https://www.npmjs.com/package/swagger-autogen",
    addendum = "(accessed: 03.07.2023)",
}